<record><leader>00000cas a22000007a 4500</leader><controlfield tag="001">25515325</controlfield><controlfield tag="008">920323d19uu19uunyuwr ne      0    0eng d</controlfield><datafield ind1=" " ind2=" " tag="010"><subfield code="a">sn 92061531 </subfield></datafield><datafield ind1=" " ind2=" " tag="040"><subfield code="a">NYS</subfield><subfield code="b">eng</subfield><subfield code="c">NYS</subfield><subfield code="d">OCLCQ</subfield></datafield><datafield ind1=" " ind2=" " tag="042"><subfield code="a">msc</subfield></datafield><datafield ind1="0" ind2="0" tag="245"><subfield code="a">Dutchess County journal.</subfield></datafield><datafield ind1="1" ind2="7" tag="246"><subfield code="a">Dutchess journal</subfield></datafield><datafield ind1=" " ind2=" " tag="260"><subfield code="a">Red Hook ;</subfield><subfield code="a">Rhinebeck, N.Y. :</subfield><subfield code="b">Landers Newspapers Inc.</subfield></datafield><datafield ind1=" " ind2=" " tag="300"><subfield code="a">v.</subfield></datafield><datafield ind1=" " ind2=" " tag="310"><subfield code="a">Weekly</subfield></datafield><datafield ind1=" " ind2=" " tag="500"><subfield code="a">"Red Hook - Rhinebeck - Hyde Park" appears within masthead.</subfield></datafield><datafield ind1=" " ind2=" " tag="588"><subfield code="a">Description based on: Vol. 2, no. 19 (May 12, 1960).</subfield></datafield><datafield ind1=" " ind2=" " tag="588"><subfield code="a">Latest issue consulted: Vol. 2, no. 24 (June 16, 1960).</subfield></datafield><datafield ind1=" " ind2="4" tag="651"><subfield code="a">Red Hook (N.Y.)</subfield><subfield code="v">Newspapers.</subfield></datafield><datafield ind1=" " ind2="4" tag="651"><subfield code="a">Rhinebeck (N.Y.)</subfield><subfield code="v">Newspapers.</subfield></datafield><datafield ind1=" " ind2="4" tag="651"><subfield code="a">Hyde Park (N.Y.)</subfield><subfield code="v">Newspapers.</subfield></datafield><datafield ind1=" " ind2=" " tag="752"><subfield code="a">United States</subfield><subfield code="b">New York Dutchess</subfield><subfield code="d">Red Hook.</subfield></datafield><datafield ind1=" " ind2=" " tag="752"><subfield code="a">United States</subfield><subfield code="b">New York Dutchess</subfield><subfield code="d">Rhinebeck.</subfield></datafield><datafield ind1=" " ind2=" " tag="752"><subfield code="a">United States</subfield><subfield code="b">New York Dutchess</subfield><subfield code="d">Hyde Park.</subfield></datafield></record>